@misc{burke_2017,
 title = {{Google Admits Its New Smart Speaker Was Eavesdropping on Users}},
 url = {https://money.cnn.com/2017/10/11/technology/google-home-mini-security-flaw/index.html},
 journal = {CNNMoney},
 publisher = {Cable News Network},
 author = {Burke, Samuel},
 year = {2017},
}

@misc{kruzel_2018,
 title = {{Is Your Amazon Alexa Spying on You?}},
 url = {https://www.politifact.com/truth-o-meter/statements/2018/may/31/ro-khanna/your-amazon-alexa-spying-you/},
 journal = {@politifact},
 author = {Kruzel, John},
 year = {2018},
}

@misc{statista_2016,
 title = {{IoT: Number of Connected Devices Worldwide 2012-2025}},
 url = {https://www.statista.com/statistics/471264/iot-number-of-connected-devices-worldwide/},
 journal = {Statista},
 year = {2016},
}

@misc{perez_2018,
 title = {{39 Million Americans Now Own a Smart Speaker, Report Claims}},
 url = {https://techcrunch.com/2018/01/12/39-million-americans-now-own-a-smart-speaker-report-claims/},
 journal = {TechCrunch},
 publisher = {TechCrunch},
 author = {Sarah Perez},
 year = {2018},
}

@misc{perez_2017,
 title = {{Voice-enabled Smart Speakers to Reach 55 Percent of U.S. Households by 2022, Says Report}},
 author = {Sarah Perez},
 url = {https://techcrunch.com/2017/11/08/voice-enabled-smart-speakers-to-reach-55-of-u-s-households-by-2022-says-report/},
 journal = {TechCrunch},
 publisher = {TechCrunch},
 year = {2017},
}

@misc{lynch_2017,
 title = {{Nearly 70 Million U.S. Households Now Have a Connected-TV Streaming Device}},
 author = {Jason Lynch},
 url = {https://www.adweek.com/tv-video/nearly-70-million-u-s-households-now-have-a-connected-tv-streaming-device/},
 journal = {Adweek},
 publisher = {Adweek},
 year = {2017},
}

@misc{netflix,
 title = {{How Can I Control How Much Data Netflix Uses?}},
 author = {Netflix},
 url = {https://help.netflix.com/en/node/87},
 journal = {Netflix},
 publisher = {Netflix},
 year = {2018},
}

@misc{matney_2017,
 title = {{Netflix Users Collectively Watched 1 Billion Hours of Content Per Week in 2017}},
 author = {Lucas Matney},
 url = {https://techcrunch.com/2017/12/11/netflix-users-collectively-watched-1-billion-hours-of-content-per-week-in-2017/},
 journal = {TechCrunch},
 publisher = {TechCrunch},
 year = {2017},
}

@misc{emarketer_2017,
 title = {{168 Million Will Watch Connected TV in the US This Year}},
 url = {https://www.emarketer.com/Article/168-Million-Will-Watch-Connected-TV-US-This-Year/1016233},
 journal = {eMarketer},
 year = {2017},
}

@misc{nintendo,
 title = {{Dedicated Video Game Sales Units}},
 author = {https://www.nintendo.co.jp/ir/en/finance/hard\_soft/index.html},
 journal = {Nintendo},
}

@misc{souppouris_2016,
 title = {{Sony Has Sold 50 Million PlayStation 4s}},
 url = {https://www.engadget.com/2016/12/07/sony-playstation4-50-million-sales/},
 journal = {Engadget},
 author = {Souppouris, Aaron},
 year = {2016},
}

@misc{feamster_2016,
 title = {{Who Will Secure the Internet of Things}},
 url = {https://freedom-to-tinker.com/2016/01/19/who-will-secure-the-internet-of-things/},
 journal = {Freedom To Tinker},
 author = {Nick Feamster},
 year = {2016},
}

@misc{song_2016,
 title = {{The Best Somart Plugs of 2018}},
 url = {https://www.pcmag.com/roundup/361476/the-best-smart-plugs},
 journal = {PCMag},
 author = {Victoria Song},
 year = {2018},
}

@inproceedings{Meidan:2017:PML:3019612.3019878,
 author = {Meidan, Yair and Bohadana, Michael and Shabtai, Asaf and Guarnizo, Juan David and Ochoa, Mart\'{\i}n and Tippenhauer, Nils Ole and Elovici, Yuval},
 title = {{ProfilIoT: a Machine Learning Approach for IoT Device Identification Based on Network Traffic Analysis}},
 booktitle = {{Proceedings of the Symposium on Applied Computing}},
 series = {SAC '17},
 year = {2017},
 isbn = {978-1-4503-4486-9},
 location = {Marrakech, Morocco},
 pages = {506--509},
 numpages = {4},
 url = {http://doi.acm.org/10.1145/3019612.3019878},
 doi = {10.1145/3019612.3019878},
 acmid = {3019878},
 publisher = {ACM},
}

@article{meidan_2017,
 author = {{Meidan}, Y. and {Bohadana}, M. and {Shabtai}, A. and {Ochoa}, M. and
	{Tippenhauer}, N.~O. and {Davis Guarnizo}, J. and {Elovici}, Y.
	},
 title = {{Detection of Unauthorized IoT Devices Using Machine Learning Techniques}},
 journal = {ArXiv e-prints},
 archiveprefix = {arXiv},
 eprint = {1709.04647},
 primaryclass = {cs.CR},
 year = {2017},
 adsurl = {http://adsabs.harvard.edu/abs/2017arXiv170904647M},
 adsnote = {Provided by the SAO/NASA Astrophysics Data System},
}

@misc{alexa,
 title = {{Alexa}},
 url = {https://www.alexa.com/},
 author = {Amazon},
}

@article{mockapetris2004rfc,
 title = {{RFC 1035: Domain Names - Implementation and Specification}},
 author = {Mockapetris, Paul},
 url = {http://www.ietf.org/rfc/rfc1035.txt},
 year = {1987},
 journal = {None},
}

@inproceedings{bekerman2015unknown,
 title = {{Unknown Malware Detection Using Network Traffic Classification}},
 author = {Bekerman, Dmitri and Shapira, Bracha and Rokach, Lior and Bar, Ariel},
 booktitle = {{Communications and Network Security (CNS), 2015 IEEE Conference On}},
 pages = {134--142},
 year = {2015},
 organization = {IEEE},
}

@article{castle,
 author = {{Apthorpe}, N. and {Reisman}, D. and {Feamster}, N.},
 title = {{A Smart Home Is No Castle: Privacy Vulnerabilities of Encrypted IoT Traffic}},
 journal = {ArXiv e-prints},
 archiveprefix = {arXiv},
 eprint = {1705.06805},
 primaryclass = {cs.CR},
 year = {2017},
 adsurl = {http://adsabs.harvard.edu/abs/2017arXiv170506805A},
 adsnote = {Provided by the SAO/NASA Astrophysics Data System},
}

@article{home_iot,
 author = {{Amar}, Y. and {Haddadi}, H. and {Mortier}, R. and {Brown}, A. and
	{Colley}, J. and {Crabtree}, A.},
 title = {{An Analysis of Home IoT Network Traffic and Behaviour}},
 journal = {ArXiv e-prints},
 archiveprefix = {arXiv},
 eprint = {1803.05368},
 primaryclass = {cs.NI},
 year = {2018},
 adsurl = {http://adsabs.harvard.edu/abs/2018arXiv180305368A},
 adsnote = {Provided by the SAO/NASA Astrophysics Data System},
}

@misc{frawley_2018,
 title = {{Logging and Analysis of Internet of Things (IoT) Device Network Traffic and Power Consumption}},
 url = {https://digitalcommons.calpoly.edu/theses/1911/},
 journal = {Digital Commons Cal Poly},
 publisher = {Cal Poly SLO},
 author = {Frawley, Ryan Joseph},
 year = {2018},
}

@misc{maxmind,
 title = {GeoIP Databases and Services: Industry Leading IP Intelligence},
 url = {https://www.maxmind.com/en/geoip2-services-and-databases},
 journal = {MaxMind},
 publisher = {MaxMind},
}

@misc{griffith_2017,
 title = {{How to Measure Home Power Usage}},
 url = {https://www.pcmag.com/article/343177/how-to-measure-home-power-usage},
 journal = {PCMAG},
 publisher = {PCMAG.COM},
 author = {Griffith, Eric},
 year = {2017},
}

@misc{guest_2018,
 title = {{The 5 Worst Examples of IoT Hacking and Vulnerabilities in Recorded History}},
 url = {https://www.iotforall.com/5-worst-iot-hacking-vulnerabilities/},
 journal = {IoT For All},
 publisher = {IoT For All},
 year = {2018},
}

@misc{oblique_2017,
 title = {{Oblique/create_ap}},
 url = {https://github.com/oblique/create_ap},
 journal = {GitHub},
 author = {Oblique},
 year = {2017},
}

@misc{m_2016,
 title = {{How to Create WiFi Hotspot in Ubuntu 16.04 (Android Is Supported)}},
 url = {http://ubuntuhandbook.org/index.php/2016/04/create-wifi-hotspot-ubuntu-16-04-android-supported/},
 journal = {UbuntuHandbook},
 author = {M, Ji},
 year = {2016},
}
